% https://rfc-editor.org/rfc/rfc793.txt
@misc{tcp-rfc793,
  series       = {Request for Comments},
  number       = 793,
  howpublished = {RFC 793},
  publisher    = {RFC Editor},
  doi          = {10.17487/RFC0793},
  url          = {https://www.rfc-editor.org/info/rfc793},
  author       = {},
  title        = {{Transmission Control Protocol}},
  pagetotal    = 91,
  year         = 1981,
  month        = sep,
  abstract     = {}
}
% https://rfc-editor.org/rfc/rfc768.txt
@misc{udp-rfc768,
  series       = {Request for Comments},
  number       = 768,
  howpublished = {RFC 768},
  publisher    = {RFC Editor},
  doi          = {10.17487/RFC0768},
  url          = {https://www.rfc-editor.org/info/rfc768},
  author       = {},
  title        = {{User Datagram Protocol}},
  pagetotal    = 3,
  year         = 1980,
  month        = aug,
  abstract     = {}
}
% https://www.rfc-editor.org/rfc/rfc9260.txt
@misc{sctp-rfc9260,
  series       = {Request for Comments},
  number       = 9260,
  howpublished = {RFC 9260},
  publisher    = {RFC Editor},
  doi          = {10.17487/RFC9260},
  url          = {https://www.rfc-editor.org/info/rfc9260},
  author       = {Randall R. Stewart and Michael TÃ¼xen and karen Nielsen},
  title        = {{Stream Control Transmission Protocol}},
  pagetotal    = 133,
  year         = 2022,
  month        = jun,
  abstract     = {}
}
% https://www.rfc-editor.org/rfc/rfc8259.txt
@misc{json-rfc8259,
  series       = {Request for Comments},
  number       = 8259,
  howpublished = {RFC 8259},
  publisher    = {RFC Editor},
  doi          = {10.17487/RFC8259},
  url          = {https://www.rfc-editor.org/info/rfc8259},
  author       = {Tim Bray},
  title        = {{The JavaScript Object Notation (JSON) Data Interchange Format}},
  pagetotal    = 16,
  year         = 2017,
  month        = dec,
  abstract     = {}
}
% https://www.rfc-editor.org/rfc/rfc8949.txt
@misc{cbor-rfc8949,
  series       = {Request for Comments},
  number       = 8949,
  howpublished = {RFC 8949},
  publisher    = {RFC Editor},
  doi          = {10.17487/RFC8949},
  url          = {https://www.rfc-editor.org/info/rfc8949},
  author       = {Carsten Bormann and Paul E. Hoffman},
  title        = {{Concise Binary Object Representation (CBOR)}},
  pagetotal    = 66,
  year         = 2020,
  month        = dec,
  abstract     = {}
}
