@online{protobuf-3,
    organization = {Google LLC},
    title = {Language Guide (proto 3)},
    url = {https://protobuf.dev/programming-guides/proto3/},
    urldate = {2023-03-17},
}
@online{msgpack,
    organization = {MessagePackâ„¢},
    title = {MessagePack},
    url = {https://msgpack.org/},
    urldate = {2023-03-17},
}
@online{rsync-samba,
    author = {Davison, Wayne},
    title = {rsync},
    url = {https://rsync.samba.org/},
    urldate = {2023-03-28},
}
@online{smb2,
    organization = {Microsoft},
    tutle = {MS-SMB2},
    url = {
           https://learn.microsoft.com/en-us/openspecs/windows_protocols/ms-smb2/5606ad47-5ee0-437a-817e-70c366052962
           },
    urldate = {2023-04-15},
}
@online{wireshark,
    organization = {Wireshark Foundation},
    title = {Wireshark},
    url = {https://wireshark.org/},
    urldate = {2023-04-16},
}
